A000000001TWEFT59161001101813900420                                                                                                                                                                                                                                                                                                                                                                                                                                                                                                                                                                                                                                                                                                                                                                                                                                                                                                                                                                                                                                                                                                                                                                                                                                                                                                                                                                                                                                                                                     
D000000002TWEFT59161001147000000239800181410004010203712348     0000000000000000000000000EFT Billing                                  EFT CHGS                      TWEFT59161EFTEFTBUNDLE1      000000000000000000000                                       0000000000047000000025000181410004041289010102     0000000000000000000000000EFT Billing    A COM INTERS                  EFT CHGS                      TWEFT59161EFTEFT-123213213   000000000000000000000                                       0000000000047000000049950181410004096400399950     0000000000000000000000000EFT Billing    UNITED MARITIME SUPPLIERS INC EFT CHGS                      TWEFT59161EFTTWUMS96401      000000000000000000000                                       0000000000047000000050000181410004010250999981     0000000000000000000000000EFT Billing    YABU PUSHELBERG INC.          EFT CHGS                      TWEFT59161EFTTPYAB10251      000000000000000000000                                       0000000000047000000025000181410004049595299956     0000000000000000000000000EFT Billing    PARISH OF SAINT GEORGE        EFT CHGS                      TWEFT59161EFTTWPAR59011      000000000000000000000                                       0000000000047000000025000181410004076295299922     0000000000000000000000000EFT Billing    METRO PET MARKET INC.         EFT CHGS                      TWEFT59161EFTTPMPM76291      000000000000000000000                                       00000000000
D000000003TWEFT59161001147000000049950181410004000305299921     0000000000000000000000000EFT Billing    DAVIES SUPPLY GROUP LTD.      EFT CHGS                      TWEFT59161EFTTWDSG00300      000000000000000000000                                       0000000000047000000051700181410004000015001259     0000000000000000000000000EFT Billing    KAY LIFE INSURANCE CO.        EFT CHGS                      TWEFT59161EFTEFT12345        000000000000000000000                                       0000000000047000000050000181410004041609030900     0000000000000000000000000EFT Billing    F/S MPC                       EFT CHGS                      TWEFT59161EFTEFT2010TES      000000000000000000000                                       0000000000047000000050000181410004041609030900     0000000000000000000000000EFT Billing    F/S MPC                       EFT CHGS                      TWEFT59161EFTEFT2012TES      000000000000000000000                                       00000000000                                                                                                                                                                                                                                                                                                                                                                                                                                                                                                
Z000000004TWEFT59161001100000000061640000000100000000000000000000000                                                                                                                                                                                                                                                                                                                                                                                                                                                                                                                                                                                                                                                                                                                                                                                                                                                                                                                                                                                                                                                                                                                                                                                                                                                                                                                                                                                                                                                    